% Encoding: UTF-8

@Misc{NSA,
	author = {Yury Izrailevsky and Ariel Tseitlin},
	title = {Netflix Simian Army},
	year = {2011},
	howpublished = "\url {https://medium.com/netflix-techblog/the-netflix-simian-army-16e57fbab116}",
	note = "[Online; accessed 07-July-2017]"
}

@INPROCEEDINGS{CLOUD, 
	author={J. Son and A. V. Dastjerdi and R. N. Calheiros and X. Ji and Y. Yoon and R. Buyya}, 
	booktitle={2015 15th IEEE/ACM International Symposium on Cluster, Cloud and Grid Computing}, 
	title={CloudSimSDN: Modeling and Simulation of Software-Defined Cloud Data Centers}, 
	year={2015}, 
	pages={475-484}, 
	keywords={cloud computing;computer centres;software defined networking;CloudSimSDN;SDN-enabled cloud environments;cloud computing;cloud-based three-tier Web application;simulation framework;software-defined cloud data centers;software-defined networking;Bandwidth;Computational modeling;Data models;Graphical user interfaces;Network topology;Servers;Topology;Cloud Computing;Data Centers;Simulation;Software-Defined Clouds;Software-Defined Networks}, 
	doi={10.1109/CCGrid.2015.87}, 
	month={May},}

@Comment{jabref-meta: databaseType:bibtex;}
