% Encoding: UTF-8

@Misc{NSA,
	author = {Yury Izrailevsky and Ariel Tseitlin},
	title = {Netflix Simian Army},
	year = {2011},
	howpublished = "\url {https://medium.com/netflix-techblog/the-netflix-simian-army-16e57fbab116}",
	note = "[Online; accessed 07-July-2017]"
}
@misc{bworld,
	author = {Ingo LÃ¼tkebohle},
	title = {{BWorld Robot Control Software}},
	howpublished = "\url{http://aiweb.techfak.uni-bielefeld.de/content/bworld-robot-control-software/}",
	year = {2008}, 
	note = "[Online; accessed 19-July-2008]"
}

@InProceedings{pitakrat2016archaware,
  author    = {Teerat Pitakrat and Du\v{s}an Okanovi\'{c} and Andre van Hoorn and Lars Grunske},
  title     = {An Architecture-aware Approach to Hierarchical Online Failure Prediction},
  booktitle = {Proceedings of the 12th International ACM SIGSOFT Conference on the Quality of Software Architectures (QoSA '16)},
  year      = {2016},
  publisher = {IEEE},
  note      = {To appear},
}

@Book{bass2015devops,
  title     = {DevOps: A Software Architect's Perspective},
  publisher = {Addison-Wesley Professional},
  year      = {2015},
  author    = {Bass, Len and Weber, Ingo and Zhu, Liming},
}

@Comment{jabref-meta: databaseType:bibtex;}
