@MISC{Palladio2007,
	author = {Ralf Reussner and Steffen Becker and Jens Happe and Heiko Koziolek and Klaus Krogmann and Michael Kuperberg},
	title = {The Palladio Component Model},
	year = {2007},
	note = {Last visited June 23, 2017},
	owner = {},
	timestamp = {2017.6.23},
	url = {https://www.researchgate.net/profile/Jens_Happe/publication/36452772_The_Palladio_component_model/links/0912f50f66f5a02a5e000000.pdf}
}

@MISC{Simulizar2013,
	author = {Matthias Becker and Steffen Becker and Joachim Meyer},
	title = {SimuLizar: Design-Time Modeling and Performance Analysis of Self-Adaptive Systems},
	year = {2013},
	note = {Last visited June 23, 2017},
	owner = {},
	timestamp = {2017.6.23},
	url = {http://www.performance-symposium.org/fileadmin/user_upload/palladio-conference/2014/papers/paper12.pdf}
}

@INPROCEEDINGS{GreenCloud, 
	author={D. Kliazovich and P. Bouvry and Y. Audzevich and S. U. Khan}, 
	booktitle={2010 IEEE Global Telecommunications Conference GLOBECOM 2010}, 
	title={GreenCloud: A Packet-Level Simulator of Energy-Aware Cloud Computing Data Centers}, 
	year={2010}, 
	pages={1-5}, 
	keywords={Internet;computer centres;energy conservation;power aware computing;GreenCloud;data center operational costs;energy-aware cloud computing 	data centers;frequency scaling;packet-level communication patterns;packet-level simulator;power management schema;voltage scaling;workload 				distribution;Computational modeling;Computer architecture;Data models;Green products;Optical switches;Power demand;Servers}, 
	doi={10.1109/GLOCOM.2010.5683561}, 
	ISSN={1930-529X}, 
	month={Dec},
}

@MISC{Spigo,
        author={Adrian Cockcroft},
        year={2014},
        note = {Last visited July 14, 2017},
        owner = {},
        timestamp = {2017.7.14},
        url = {https://github.com/adrianco/spigo/tree/master/json_arch}
}

